@online{TI_TL431_datasheet,
  author       = {{Texas Instruments}},
  title        = {TL431 – Adjustable Precision Zener Shunt Regulator},
  year         = {2014},
  version      = {Rev. may 2024},
  url          = {https://www.ti.com/lit/ds/symlink/tl431.pdf},
  note         = {[cit. 2025-04-24]}
}

@online{TI_current_srcs,
  author       = {{Texas Instruments}},
  title        = {Precision Current Sources and Sinks Using Voltage References},
  year         = {2014},
  version      = {Rev. june 2020},
  url          = {https://www.ti.com/lit/an/snoaa46/snoaa46.pdf?ts=1745477969963&ref_url=https%253A%252F%252Fwww.ti.com%252Fsitesearch%252Fen-us%252Fdocs%252Funiversalsearch.tsp%253FlangPref%253Den-US%2526nr%253D71586%2526searchTerm%253Dcurrent+source+high+power},
  note         = {[cit. 2025-04-24]}
}

@software{Micro_Cap,
  author       = {Spectrum Software},
  title        = {Micro-Cap},
  version      = {12.2.0.5 (64 bit)},
  year         = {2020},
  note         = {[přístup 2025-04-24]}
}

@software{LTspice,
  author       = {Analog Devices, Inc.},
  title        = {LTspice},
  version      = {24.1.5 (x64)},
  year         = {2024},
  note         = {[přístup 2025-04-24]}
}

@software{student_pspice,
  author       = {OrCAD, Inc.},
  title        = {OrCAD PSpice},
  version      = {Demo Version 9.1},
  year         = {1999},
  note         = {[přístup 2025-04-26]}
}

@software{pspice,
  author       = {OrCAD, Inc.},
  title        = {PSpice AD},
  version      = {OrCAD X 24.1},
  year         = {2024},
  note         = {[přístup 2025-04-26]}
}

@online{TL431_spice_model,
  author       = {{Texas Instruments}},
  title        = {SPICE Model of TL431},
  year         = {1992},
  url          = {https://www.ti.com/lit/zip/sloj174},
  note         = {[cit. 2025-04-24]}
}

@online{spice_berkeley,
  author       = {{University of California}},
  title        = {Spice},
  url          = {https://ptolemy.berkeley.edu/projects/embedded/pubs/downloads/spice/},
  note         = {[cit. 2025-04-26]}
}

@manual{python312,
  title     = {Python 3.12.3 Documentation},
  author    = {{Python Software Foundation}},
  year      = {2024},
  url       = {https://docs.python.org/3.12/},
  note      = {Version 3.12.3}
}

@software{numpy224,
  title     = {NumPy: Array programming for scientific computing},
  author    = {Harris, Charles R. and Millman, K. Jarrod and van der Walt, Stéfan J. and others},
  year      = {2024},
  url       = {https://numpy.org/},
  note      = {Version 2.2.4}
}

@software{pandas223,
  title     = {pandas: Powerful Python data analysis toolkit},
  author    = {The pandas development team},
  year      = {2024},
  url       = {https://pandas.pydata.org/},
  note      = {Version 2.2.3}
}

@book{Svoboda2014,
  author = {Emanuel Svoboda},
  title = {Přehled středoškolské fyziky},
  publisher = {Prometheus},
  address = {Praha},
  year = {2014},
  edition = {5., přeprac. vyd},
  isbn = {978-80-7196-438-4},
  url = {http://krameriusndk.nkp.cz/search/handle/uuid:b14bcdc0-1662-11e6-853f-005056827e52},
}

@IMAGE{prednasky,
  ENTRYSUBTYPE   = {powerpoint},
  AUTHOR         = {Dalibor Biolek},
  TITLE          = {Modelování a počítačová simulace, v 2.1},
  DATE           = {2020}
}

@book{Krejcirik2001,
  author = {Alexandr Krejčiřík and Zdeněk Burian},
  title = {Simuluj!},
  subtitle = {simulace vlastností analogových elektronických obvodů s diskrétními součástkami},
  publisher = {BEN - technická literatura},
  address = {Praha},
  year = {2001},
  edition = {1. vyd},
  isbn = {80-7300-005-9},
}

@online{TI_TL431_datasheet,
  author       = {{okDatasheets.com}},
  title        = {Q2N2222},
  url          = {https://www.okdatasheet.cn/okDatasheet/Q2N2222.pdf},
  note         = {[cit. 2025-04-24]}
}
